@article{ducrozet2016,
title = "HOS-ocean: Open-source solver for nonlinear waves in open ocean based on High-Order Spectral method",
journal = "Computer Physics Communications",
volume = "203",
number = "Supplement C",
pages = "245 - 254",
year = "2016",
issn = "0010-4655",
doi = "https://doi.org/10.1016/j.cpc.2016.02.017",
url = "http://www.sciencedirect.com/science/article/pii/S0010465516300327",
author = "Guillaume Ducrozet and Félicien Bonnefoy and David Le Touzé and Pierre Ferrant",
keywords = "High-Order Spectral method, Nonlinear waves, Wave propagation, Wave kinematics, Ocean engineering"
}

@Article{ducrozet2007,
AUTHOR = {Ducrozet, G. and Bonnefoy, F. and Le Touz\'e, D. and Ferrant, P.},
TITLE = {3-D HOS simulations of extreme waves in open seas},
JOURNAL = {Natural Hazards and Earth System Sciences},
VOLUME = {7},
YEAR = {2007},
NUMBER = {1},
PAGES = {109--122},
URL = {https://www.nat-hazards-earth-syst-sci.net/7/109/2007/},
DOI = {10.5194/nhess-7-109-2007}
}

@inbook{bonnefoy2011,
author = {Félicien Bonnefoy and Guillaume Ducrozet and David Le Touzé and Pierre Ferrant},
title = {Time Domain Simulation of Nonlinear Water Waves using Spectral Methods},
booktitle = {Advances in Numerical Simulation of Nonlinear Water Waves},
pages = {129-164},
publisher = {World Scientific},
year = 2011
}

@article{ducrozet2012,
title = "A modified High-Order Spectral method for wavemaker modeling in a numerical wave tank",
journal = "European Journal of Mechanics - B/Fluids",
volume = "34",
number = "Supplement C",
pages = "19 - 34",
year = "2012",
issn = "0997-7546",
doi = "https://doi.org/10.1016/j.euromechflu.2012.01.017",
url = "http://www.sciencedirect.com/science/article/pii/S0997754612000180",
author = "Guillaume Ducrozet and Félicien Bonnefoy and David Le Touzé and Pierre Ferrant",
keywords = "Numerical wave tank, Nonlinear waves, High-Order Spectral, Spectral method, Directional wavemaker, Nonlinear wave generation"
}

@conference{Charles2017,
	author       ={Monroy, Charles and Seng, Sopheak and Malenica, Sime},
	title        =  {Développements et validation de l'outil \uppercase{CFD} \uppercase{O}pen\uppercase{FOAM} pour le calcul de tenue à la mer},
	year         = 2017,
	organization = {15émes Journées de l'hydrodynamique},
	note         = {French}  
}

@phdthesis{sopheakThesis,
	author       = {Seng, Sopheak}, 
	title        = {Slamming and Whipping Analysis of Ships},
	school       = {Technical University of Denmark},
	year         = 2012,
	address      = {Lyngby, Denmark}
}

@online{BsplineWilliams,
  author = {Jacob Williams},
  year=2015,
  title = {Open-source release of Multidimensional B-spline written in Fortran},
  howpublished = {\url{https://github.com/jacobwilliams/bspline-fortran}},
  note = {Accessed: 2017-11-17}
}

@online{HOSOcean,
  title = {Open-source release of HOS-Ocean},
  howpublished = {\url{https://github.com/LHEEA/HOS-ocean}},
  note = {Accessed: 2017-11-17}
}

@online{HOSNWT,
  title = {Open-source release of HOS-NWT},
  howpublished = {\url{https://github.com/LHEEA/HOS-NWT}},
  note = {Accessed: 2017-11-17}
}



